@INPROCEEDINGS{1227801, 
author={P. Y. Simard and D. Steinkraus and J. C. Platt}, 
booktitle={Document Analysis and Recognition, 2003. Proceedings. Seventh International Conference on}, 
title={Best practices for convolutional neural networks applied to visual document analysis}, 
year={2003}, 
pages={958-963}, 
keywords={Best practices;Concrete;Convolution;Handwriting recognition;Industrial training;Information processing;Neural networks;Performance analysis;Support vector machines;Text analysis}, 
doi={10.1109/ICDAR.2003.1227801}, 
month={Aug},}