%% This BibTeX bibliography file was created using BibDesk.
%% http://bibdesk.sourceforge.net/

%% Created for zhao Siyuan at 2016-11-11 05:44:24 +0000 


%% Saved with string encoding Unicode (UTF-8) 



@inproceedings{Elastic,
	Author = {P. Y. Simard and D. Steinkraus and J. C. Platt},
	Booktitle = {Document Analysis and Recognition, 2003. Proceedings. Seventh International Conference on},
	Date-Added = {2016-11-11 05:44:09 +0000},
	Date-Modified = {2016-11-11 05:44:16 +0000},
	Doi = {10.1109/ICDAR.2003.1227801},
	Keywords = {Best practices;Concrete;Convolution;Handwriting recognition;Industrial training;Information processing;Neural networks;Performance analysis;Support vector machines;Text analysis},
	Month = {Aug},
	Pages = {958-963},
	Title = {Best practices for convolutional neural networks applied to visual document analysis},
	Year = {2003},
	Bdsk-Url-1 = {http://dx.doi.org/10.1109/ICDAR.2003.1227801}}

@unpublished{Goodfellow-et-al-2016-Book,
    title={Deep Learning},
    author={Ian Goodfellow and Yoshua Bengio and Aaron Courville},
    note={Book in preparation for MIT Press},
    url={http://www.deeplearningbook.org},
    year={2016}
}
